@comment{x-kbibtex-personnameformatting=<%f ><%l><, %s>}

@book{Ashley,
	author = "Clifford W. Ashley",
	localfile = "/home/dedandrey/Документы/Книга/Материалы Узлы/Литература/Иностранные/Ashley's Book of Knots.pdf",
	publisher = "Faber and Faber",
	tags = "Английские",
	title = "{The Ashley Book of Knots}",
	year = "1993"
}

@book{Balabanov,
	author = "Балабанов И.В.",
	localfile = "/home/dedandrey/Документы/Книга/Материалы Узлы/Литература/Русские/Балабанов - Узлы.pdf",
	publisher = "Москва",
	tags = "Русские",
	title = "{Узлы}",
	year = "2006"
}

@book{Skryagin,
	author = "Скрягин Л.Н.",
	localfile = "/home/dedandrey/Документы/Книга/Материалы Узлы/Литература/Русские/Скрягин Л.Н. - Морские узлы.pdf",
	publisher = "Транспорт",
	tags = "Русские",
	title = "{Морские узлы}",
	year = "1992"
}

@book{Shamov,
	author = "Шамов А.П.",
	localfile = "/home/dedandrey/Документы/Книга/Материалы Узлы/Литература/Русские/Шамов - Схемы и способы вязки узлов.pdf",
	publisher = "Ростов-на Дону",
	tags = "Русские",
	title = "{Способы и схемы вязки узлов и их применение в туристической технике}",
	year = "2006"
}

@book{Budworth,
	author = "Geoffrey Budworth",
	localfile = "/home/dedandrey/Документы/Книга/Материалы Узлы/Литература/Иностранные/Geoffrey Budworth - Complete Book of Knots.pdf",
	publisher = "Lyons Press",
	tags = "Английские",
	title = "{Complete Book of Knots}",
	year = "1997"
}

